
@article{oum2019energy,
  title={{Energy poverty in the Lao PDR and its impacts on education and health}},
  author={Oum, Sothea},
  journal={Energy Policy},
  volume={132},
  pages={247--253},
  year={2019},
  publisher={Elsevier}
}

@article{phoumin2019cambodia,
  title={{Cambodia's energy poverty and its effects on social wellbeing: Empirical evidence and policy implications}},
  author={Phoumin, Han and Kimura, Fukunari},
  journal={Energy Policy},
  volume={132},
  pages={283--289},
  year={2019},
  publisher={Elsevier}
}

@article{rodriguez2019fuel,
  title={{Fuel poverty and well-being: A consumer theory and stochastic frontier approach}},
  author={Rodr{\'\i}guez-{\'A}lvarez, Ana and Orea, Luis and Jamasb, Tooraj},
  journal={Energy Policy},
  volume={131},
  pages={22--32},
  year={2019},
  publisher={Elsevier}
}

@article{sambodo2019state,
  title={{The state of energy poverty in Indonesia and its impact on welfare}},
  author={Sambodo, Maxensius Tri and Novandra, Rio},
  journal={Energy Policy},
  volume={132},
  pages={113--121},
  year={2019},
  publisher={Elsevier}
}

@article{zhang2019multidimensional,
  title={{A multidimensional measure of energy poverty in China and its impacts on health: An empirical study based on the China family panel studies}},
  author={Zhang, Dayong and Li, Jiajia and Han, Phoumin},
  journal={Energy Policy},
  volume={131},
  pages={72--81},
  year={2019},
  publisher={Elsevier}
}

@article{amin2020does,
  title={{How does energy poverty affect economic development? A panel data analysis of South Asian countries}},
  author={Amin, Asad and Liu, Yaping and Yu, Jie and Chandio, Abbas Ali and Rasool, Samma Faiz and Luo, Ji and Zaman, Shah},
  journal={Environmental Science and Pollution Research},
  volume={27},
  pages={31623--31635},
  year={2020},
  publisher={Springer}
}

@article{churchill2020fuel,
  title={{Fuel poverty and subjective wellbeing}},
  author={Churchill, Sefa Awaworyi and Smyth, Russell and Farrell, Lisa},
  journal={Energy Economics},
  volume={86},
  pages={104650},
  year={2020},
  publisher={Elsevier}
}

@article{kahouli2020economic,
  title={{An economic approach to the study of the relationship between housing hazards and health: The case of residential fuel poverty in France}},
  author={Kahouli, Sond{\`e}s},
  journal={Energy Economics},
  volume={85},
  pages={104592},
  year={2020},
  publisher={Elsevier}
}

@article{lin2020multidimensional,
  title={{Multidimensional energy poverty and mental health: micro-level evidence from Ghana}},
  author={Lin, Boqiang and Okyere, Michael Adu},
  journal={International Journal of Environmental Research and Public Health},
  volume={17},
  number={18},
  pages={6726},
  year={2020},
  publisher={MDPI}
}

@article{abbas2021health,
  title={{Health implications of household multidimensional energy poverty for women: A structural equation modeling technique}},
  author={Abbas, Khizar and Xu, Deyi and Li, Shixiang and Baz, Khan},
  journal={Energy and Buildings},
  volume={234},
  pages={110661},
  year={2021},
  publisher={Elsevier}
}

@article{acheampong2021does,
  title={{Does energy accessibility improve human development? Evidence from energy-poor regions}},
  author={Acheampong, Alex O and Erdiaw-Kwasie, Michael Odei and Abunyewah, Matthew},
  journal={Energy Economics},
  volume={96},
  pages={105165},
  year={2021},
  publisher={Elsevier}
}

@article{banerjee2021energy,
  title={{Energy poverty, health and education outcomes: Evidence from the developing world}},
  author={Banerjee, Rajabrata and Mishra, Vinod and Maruta, Admasu Asfaw},
  journal={Energy Economics},
  volume={101},
  pages={105447},
  year={2021},
  publisher={Elsevier}
}

@article{burlinson2021fuel,
  title={{Fuel poverty and financial distress}},
  author={Burlinson, Andrew and Giulietti, Monica and Law, Cherry and Liu, Hui-Hsuan},
  journal={Energy Economics},
  volume={102},
  pages={105464},
  year={2021},
  publisher={Elsevier}
}

@article{cheng2021energy,
  title={{Energy poverty and entrepreneurship}},
  author={Cheng, Zhiming and Tani, Massimiliano and Wang, Haining},
  journal={Energy Economics},
  volume={102},
  pages={105469},
  year={2021},
  publisher={Elsevier}
}

@article{churchill2021energy,
  title={{Energy poverty and health: Panel data evidence from Australia}},
  author={Churchill, Sefa Awaworyi and Smyth, Russell},
  journal={Energy Economics},
  volume={97},
  pages={105219},
  year={2021},
  publisher={Elsevier}
}

@article{hailemariam2021impact,
  title={{The impact of energy poverty on physical violence}},
  author={Hailemariam, Abebe and Sakutukwa, Tutsirai and Yew, Siew Ling},
  journal={Energy Economics},
  volume={100},
  pages={105336},
  year={2021},
  publisher={Elsevier}
}

@article{lin2021does,
  title={{Does energy poverty affect the well-being of people: Evidence from Ghana}},
  author={Lin, Boqiang and Okyere, Michael Adu},
  journal={Sustainable Production and Consumption},
  volume={28},
  pages={675--685},
  year={2021},
  publisher={Elsevier}
}

@article{mohan2021young,
  title={{Young, poor, and sick: The public health threat of energy poverty for children in Ireland}},
  author={Mohan, Gretta},
  journal={Energy Research \& Social Science},
  volume={71},
  pages={101822},
  year={2021},
  publisher={Elsevier}
}

@article{nawaz2021energy,
  title={{Energy poverty, climate shocks, and health deprivations}},
  author={Nawaz, Saima},
  journal={Energy Economics},
  volume={100},
  pages={105338},
  year={2021},
  publisher={Elsevier}
}

@article{nguyen2021vicious,
  title={{The 'vicious cycle'of energy poverty and productivity: Insights from 45 developing countries}},
  author={Nguyen, Canh Phuc and Su, Thanh Dinh},
  journal={Environmental Science and Pollution Research},
  volume={28},
  number={40},
  pages={56345--56362},
  year={2021},
  publisher={Springer}
}

@article{nguyen2021inquiry,
  title={{An inquiry into the nexus between energy poverty and income inequality in the light of global evidence}},
  author={Nguyen, Canh Phuc and Nasir, Muhammad Ali},
  journal={Energy Economics},
  volume={99},
  pages={105289},
  year={2021},
  publisher={Elsevier}
}

@article{nie2021energy,
  title={{Energy poverty and subjective well-being in China: New evidence from the China Family Panel Studies}},
  author={Nie, Peng and Li, Qiaoge and Sousa-Poza, Alfonso},
  journal={Energy Economics},
  volume={103},
  pages={105548},
  year={2021},
  publisher={Elsevier}
}

@article{omar2021multidimensional,
  title={{Multidimensional energy poverty in Bangladesh and its effect on health and education: A multilevel analysis based on household survey data}},
  author={Omar, Md Abdullah and Hasanujzaman, Muhammad},
  journal={Energy Policy},
  volume={158},
  pages={112579},
  year={2021},
  publisher={Elsevier}
}

@article{pan2021energy,
  title={{Energy poverty and public health: Global evidence}},
  author={Pan, Lei and Biru, Ashenafi and Lettu, Sandra},
  journal={Energy Economics},
  volume={101},
  pages={105423},
  year={2021},
  publisher={Elsevier}
}

@article{prakash2021energy,
  title={{Energy poverty and obesity}},
  author={Prakash, Kushneel and Munyanyi, Musharavati Ephraim},
  journal={Energy Economics},
  volume={101},
  pages={105428},
  year={2021},
  publisher={Elsevier}
}

@article{rafi2021multidimensional,
  title={{Multidimensional energy poverty and human capital development: Empirical evidence from India}},
  author={Rafi, Muhammed and Naseef, Mohemmad and Prasad, Salu},
  journal={Energy Economics},
  volume={101},
  pages={105427},
  year={2021},
  publisher={Elsevier}
}

@article{wan2021energy,
  title={{Energy poverty impact on the economics of Indonesia using ARDL approach}},
  author={Wan, Ling Chin and Gaik, Tay Kim and Hwang, Goh Hui},
  journal={International Journal of Integrated Engineering},
  volume={13},
  number={2},
  pages={53--60},
  year={2021}
}

@article{wu2021does,
  title={{Does energy poverty reduce rural labor wages? Evidence from China's rural household survey}},
  author={Wu, Wei-ping and Zeng, Wei-kang and Gong, Si-wen and Chen, Zi-gui},
  journal={Frontiers in Energy Research},
  volume={9},
  pages={670026},
  year={2021},
  publisher={Frontiers Media SA}
}

@article{zhang2021energy,
  title={{Energy poverty, children's wellbeing and the mediating role of academic performance: Evidence from China}},
  author={Zhang, Quanda and Appau, Samuelson and Kodom, Peter Lord},
  journal={Energy Economics},
  volume={97},
  pages={105206},
  year={2021},
  publisher={Elsevier}
}

@article{zhang2021household,
  title={{Household multidimensional energy poverty and its impacts on physical and mental health}},
  author={Zhang, Ziyu and Shu, Hongting and Yi, Hong and Wang, Xiaohua},
  journal={Energy Policy},
  volume={156},
  pages={112381},
  year={2021},
  publisher={Elsevier}
}

@article{zhang2021study,
  title={{Study on the impact of energy poverty on energy efficiency of construction industry: Mediating role of energy consumption structure}},
  author={Zhang, Jianhua and Liu, Yushan and Zhang, Weihua and Lin, Xiangyi},
  journal={Frontiers in Energy Research},
  volume={9},
  pages={760895},
  year={2021},
  publisher={Frontiers Media SA}
}

@article{zhao2021assessing,
  title={{Assessing energy poverty and its effect on CO2 emissions: the case of China}},
  author={Zhao, Jun and Jiang, Qingzhe and Dong, Xiucheng and Dong, Kangyin},
  journal={Energy Economics},
  volume={97},
  pages={105191},
  year={2021},
  publisher={Elsevier}
}

@article{davillas2022getting,
  title={{Getting warmer: Fuel poverty, objective and subjective health and well-being}},
  author={Davillas, Apostolos and Burlinson, Andrew and Liu, Hui-Hsuan},
  journal={Energy Economics},
  volume={106},
  pages={105794},
  year={2022},
  publisher={Elsevier}
}

@article{hou2022multidimensional,
  title={{Multidimensional energy poverty and depression among China's older adults}},
  author={Hou, Jianming and Zhou, Wenjian and Jiang, Yang},
  journal={Frontiers in Public Health},
  volume={10},
  pages={977958},
  year={2022},
  publisher={Frontiers Media SA}
}

@article{li2022would,
  title={{Would energy poverty affect the wellbeing of senior citizens? Evidence from China}},
  author={Li, Yunwei and Ning, Xiao and Wang, Zijie and Cheng, Jingyu and Li, Fumeng and Hao, Yu},
  journal={Ecological Economics},
  volume={200},
  pages={107515},
  year={2022},
  publisher={Elsevier}
}

@article{li2022impact,
  title={{Impact of energy poverty on cognitive and mental health among middle-aged and older adults in China}},
  author={Li, Xuefeng and Yang, Han and Jia, Jin},
  journal={Humanities and Social Sciences Communications},
  volume={9},
  number={1},
  pages={1--13},
  year={2022},
  publisher={Palgrave}
}

@article{liu2022role,
  title={{The role of Sustainable Development Goals to eradicate the multidimensional energy poverty and improve social Wellbeing's}},
  author={Liu, Jian and Jain, Vipin and Sharma, Paritosh and Ali, Syed Ahtsham and Shabbir, Malik Shahzad and Ramos-Meza, Carlos Samuel},
  journal={Energy Strategy Reviews},
  volume={42},
  pages={100885},
  year={2022},
  publisher={Elsevier}
}

@article{nguyen2022nexus,
  title={{Nexus between energy poverty and economic vulnerability: Evidence from low and middle income economies}},
  author={Nguyen, Canh Phuc and Dinh Thanh, Su},
  journal={Energy Sources, Part B: Economics, Planning, and Policy},
  volume={17},
  number={1},
  pages={2056264},
  year={2022},
  publisher={Taylor \& Francis}
}

@article{okorie2022association,
  title={{Association of energy poverty and catastrophic health expenditure}},
  author={Okorie, David Iheke and Lin, Boqiang},
  journal={Energy},
  volume={253},
  pages={124108},
  year={2022},
  publisher={Elsevier}
}

@article{oktaviani2022energy,
  title={{Energy poverty and education: Empirical evidence from Indonesia}},
  author={Oktaviani, Hilma and Hartono, Djoni},
  journal={Economics Development Analysis Journal},
  volume={11},
  number={2},
  pages={211--223},
  year={2022}
}

@article{qin2022impact,
  title={{Impact of energy poverty on household quality of life--based on Chinese household survey panel data}},
  author={Qin, Lin and Chen, Weida and Sun, Licheng},
  journal={Journal of Cleaner Production},
  volume={366},
  pages={132943},
  year={2022},
  publisher={Elsevier}
}

@article{raghutla2022energy,
  title={{Energy poverty and economic development: Evidence from BRICS economies}},
  author={Raghutla, Chandrashekar and Chittedi, Krishna Reddy},
  journal={Environmental Science and Pollution Research},
  volume={29},
  number={7},
  pages={9707--9721},
  year={2022},
  publisher={Springer}
}

@article{shi2022impact,
  title={{The impact of energy poverty on agricultural productivity: The case of China}},
  author={Shi, Hongxu and Xu, Hao and Gao, Wei and Zhang, Jinhao and Chang, Ming},
  journal={Energy Policy},
  volume={167},
  pages={113020},
  year={2022},
  publisher={Elsevier}
}

@article{shi2022understanding,
  title={{Understanding the mechanism of energy poverty affecting irrigation efficiency: Evidence from rural China}},
  author={Shi, Hongxu and Gao, Wei and Xu, Hao and Chang, Ming},
  journal={Environmental Science and Pollution Research},
  volume={29},
  number={47},
  pages={70963--70975},
  year={2022},
  publisher={Springer}
}

@article{ucal2022household,
  title={{Household happiness and fuel poverty: A cross-sectional analysis on Turkey}},
  author={Ucal, Meltem and G{\"u}nay, Simge},
  journal={Applied Research in Quality of Life},
  volume={17},
  number={1},
  pages={391--420},
  year={2022},
  publisher={Springer}
}

@article{utami2022multidimensional,
  title={{A multidimensional energy poverty in Indonesia and its impact on health}},
  author={Utami, Citra Nirmala and Hartono, Djoni},
  journal={International Energy Journal},
  volume={22},
  number={2},
  pages={147--156},
  year={2022},
  publisher={Regional Energy Resources Information Center (RERIC), Asian Institute of~…}
}

@article{wang2022impact,
  title={{The Impact of energy poverty on the digital divide: The mediating effect of depression and Internet perception}},
  author={Wang, Shangrui and Cao, Anran and Wang, Guohua and Xiao, Yiming},
  journal={Technology in Society},
  volume={68},
  pages={101884},
  year={2022},
  publisher={Elsevier}
}

@article{xu2022assessing,
  title={{Assessing the effect of energy poverty on the mental and physical health in China—evidence from China family panel studies}},
  author={Xu, Wangzi and Xie, Baiwei and Lou, Bailu and Wang, Weizheng and Wang, Yuzi},
  journal={Frontiers in Energy Research},
  volume={10},
  pages={944415},
  year={2022},
  publisher={Frontiers Media SA}
}

@article{zhang2022empirical,
  title={{An empirical study on the impact of energy poverty on carbon intensity of the construction industry: Moderating role of technological innovation}},
  author={Zhang, Jianhua and Liu, Yushan and Saqib, Najia and Waqas Kamran, Hafiz},
  journal={Frontiers in Environmental Science},
  volume={10},
  pages={929939},
  year={2022},
  publisher={Frontiers Media SA}
}

@article{zhang2022there,
  title={{Is there gender inequality in the impacts of energy poverty on health?}},
  author={Zhang, Ziyu and Linghu, Yuting and Meng, Xue and Yi, Hong},
  journal={Frontiers in Public Health},
  volume={10},
  pages={986548},
  year={2022},
  publisher={Frontiers Media SA}
}

@article{zhang2022energy,
  title={{Energy poverty and depression in rural China: Evidence from the quantile regression approach}},
  author={Zhang, Jun and He, Yuang and Zhang, Jing},
  journal={International Journal of Environmental Research and Public Health},
  volume={19},
  number={2},
  pages={1006},
  year={2022},
  publisher={MDPI}
}

@article{zhao2022does,
  title={{How does energy poverty eradication promote green growth in China? The role of technological innovation}},
  author={Zhao, Jun and Shahbaz, Muhammad and Dong, Kangyin},
  journal={Technological Forecasting and Social Change},
  volume={175},
  pages={121384},
  year={2022},
  publisher={Elsevier}
}

@article{amega2023energy,
  title={{Energy poverty and alcohol consumption}},
  author={Amega, Dillys AD and Churchill, Rejoice EA and Ocloo, Janet EY and Churchill, Sefa Awaworyi},
  journal={World Development Sustainability},
  volume={3},
  pages={100109},
  year={2023},
  publisher={Elsevier}
}

@article{ang2023analysis,
  title={{Analysis of energy poverty in Kenya and its implications for human health}},
  author={Ang'u, Cohen and Muthama, Nzioka John and Mutuku, Mwanthi Alexander and M'IKiugu, Mutembei Henry},
  journal={Energy Policy},
  volume={176},
  pages={113506},
  year={2023},
  publisher={Elsevier}
}

@article{dimnwobi2023energy,
  title={{Energy poverty, environmental degradation and agricultural productivity in Sub-Saharan Africa}},
  author={Dimnwobi, Stephen Kelechi and Okere, Kingsley Ikechukwu and Onuoha, Favour Chidinma and Ekesiobi, Chukwunonso},
  journal={International Journal of Sustainable Development \& World Ecology},
  volume={30},
  number={4},
  pages={428--444},
  year={2023},
  publisher={Taylor \& Francis}
}

@article{dong2023does,
  title={{How does energy poverty eradication promote common prosperity in China? The role of labor productivity}},
  author={Dong, Kangyin and Wei, Shuo and Liu, Yang and Zhao, Jun},
  journal={Energy Policy},
  volume={181},
  pages={113698},
  year={2023},
  publisher={Elsevier}
}

@article{hosan2023evaluating,
  title={{Evaluating the mediating role of energy subsidies on social well-being and energy poverty alleviation in Bangladesh}},
  author={Hosan, Shahadat and Sen, Kanchan Kumar and Rahman, Md Matiar and Karmaker, Shamal Chandra and Chapman, Andrew J and Saha, Bidyut Baran},
  journal={Energy Research \& Social Science},
  volume={100},
  pages={103088},
  year={2023},
  publisher={Elsevier}
}

@article{li2023does,
  title={{Does rural energy poverty alleviation really reduce agricultural carbon emissions? The case of China}},
  author={Li, Jinkai and Gao, Ming and Luo, Erga and Wang, Jingyi and Zhang, Xuebiao},
  journal={Energy Economics},
  volume={119},
  pages={106576},
  year={2023},
  publisher={Elsevier}
}

@article{ndubuisi2023too,
  title={{Too big to be ignored: How energy poverty undermines productive efficiency}},
  author={Ndubuisi, Gideon and Denis, Yuni and Urom, Christian and Abid, Ilyes},
  journal={Energy Policy},
  volume={181},
  pages={113733},
  year={2023},
  publisher={Elsevier}
}

@article{nsenkyire2023energy,
  title={{Energy poverty and functional disability nexus: Empirical evidence from Ghana}},
  author={Nsenkyire, Elizabeth and Nkrumah, Richard Kwabena and Nunoo, Jacob and Sebu, Joshua},
  journal={Energy for Sustainable Development},
  volume={77},
  pages={101353},
  year={2023},
  publisher={Elsevier}
}

@article{nsenkyire2023household,
  title={{Household multidimensional energy poverty: Impact on health, education, and cognitive skills of children in Ghana}},
  author={Nsenkyire, Elizabeth and Nunoo, Jacob and Sebu, Joshua and Iledare, Omowumi},
  journal={Child Indicators Research},
  volume={16},
  number={1},
  pages={293--315},
  year={2023},
  publisher={Springer}
}

@article{pondie2023does,
  title={{Does energy poverty increases starvation? Evidence from Sub-Saharan Africa}},
  author={Pondie, Thierry Messie and Engwali, Fon Dorothy and Nkoa, Bruno Emmanuel Ongo and Domguia, Edmond Noubissi},
  journal={Environmental Science and Pollution Research},
  volume={30},
  number={17},
  pages={48721--48738},
  year={2023},
  publisher={Springer}
}

@article{sen2023evaluating,
  title={{Evaluating the relationship between energy poverty and child disability: A multilevel analysis based on low and middle-income countries}},
  author={Sen, Kanchan Kumar and Singha, Bipasha and Karmaker, Shamal Chandra and Bari, Wasimul and Chapman, Andrew J and Khan, Asaduzzaman and Saha, Bidyut Baran},
  journal={Energy for Sustainable Development},
  volume={77},
  pages={101331},
  year={2023},
  publisher={Elsevier}
}

@article{sharif2023unveiling,
  title={{Unveiling the implications of energy poverty for educational attainments in Pakistan: A multidimensional analysis}},
  author={Sharif, Muhammad and Khan, Farzana Naheed},
  journal={International Journal of Energy Economics and Policy},
  volume={13},
  number={5},
  pages={472--483},
  year={2023}
}

@article{song2023study,
  title={{Study on the impact of energy poverty on income inequality at different stages of economic development: Evidence from 77 countries around the world}},
  author={Song, Yan and Gao, Jian and Zhang, Ming},
  journal={Energy},
  volume={282},
  pages={128816},
  year={2023},
  publisher={Elsevier}
}

@article{yahong2023clean,
  title={{How do clean fuels and technology-based energy poverty affect carbon emissions? New evidence from eighteen developing countries}},
  author={Yahong, Wang and Cai, Yaping and Khan, Salim and Chandio, Abbas Ali},
  journal={Environmental Science and Pollution Research},
  volume={30},
  number={13},
  pages={37396--37414},
  year={2023},
  publisher={Springer}
}

@article{xu2023urbanization,
  title={{Urbanization, rural energy-poverty, and carbon emission: Unveiling the pollution halo effect in 48 BRI countries}},
  author={Xu, Qi and Khan, Salim and Zhang, Xiaojuan and Usman, Muhammad},
  journal={Environmental Science and Pollution Research},
  volume={30},
  number={48},
  pages={105912--105926},
  year={2023},
  publisher={Springer}
}

@article{yasmeen2023economic,
  title={{Economic growth and environmental technology simultaneously important for reducing energy poverty and ecological footprint in E7 economies: Do political institutions play a role?}},
  author={Yasmeen, Rizwana and Tao, Rui and Shah, Wasi Ul Hassan},
  journal={Environmental Science and Pollution Research},
  volume={30},
  number={24},
  pages={65102--65118},
  year={2023},
  publisher={Springer}
}

@article{zhang2023role,
  title={{The role of energy poverty in the linkage between natural resources and economic performance: Resource curse or resource blessing?}},
  author={Zhang, Yueman and Khan, Salah UD Din and others},
  journal={Resources Policy},
  volume={85},
  pages={103838},
  year={2023},
  publisher={Elsevier}
}

@article{zhao2023does,
  title={{How does energy poverty eradication realize the path to carbon unlocking? The case of China}},
  author={Zhao, Congyu and Dong, Kangyin and Jiang, Hong-Dian and Wang, Kun and Dong, Xiucheng},
  journal={Energy Economics},
  volume={121},
  pages={106691},
  year={2023},
  publisher={Elsevier}
}

@article{zhuo2023energy,
  title={{Energy poverty, internal immigration, and sustainable development: Empirical evidence from China}},
  author={Zhuo, Shuaihe and Jia, Lin},
  journal={Energies},
  volume={16},
  number={21},
  pages={7241},
  year={2023},
  publisher={MDPI}
}

@article{acheampong2024energy,
  title={{Energy poverty and gender equality in education: Unpacking the transmission channels}},
  author={Acheampong, Alex O and Opoku, Eric Evans Osei and Amankwaa, Afua and Dzator, Janet},
  journal={Technological Forecasting and Social Change},
  volume={202},
  pages={123274},
  year={2024},
  publisher={Elsevier}
}

@article{bukari2021energy,
  title={{Energy poverty and health expenditure: Evidence from Ghana}},
  author={Bukari, Chei and Broermann, Shanaz and Okai, Davidson},
  journal={Energy Economics},
  volume={103},
  pages={105565},
  year={2021},
  publisher={Elsevier}
}

@article{burguillo2024does,
  title={{Does energy poverty influence decarbonisation through electrification of the heating Sector?}},
  author={Burguillo, Mercedes and del R{\'\i}o, Pablo and Juez-Martel, Pedro},
  journal={Energy and Buildings},
  volume={312},
  pages={114110},
  year={2024},
  publisher={Elsevier}
}

@article{byaro2024tackling,
  title={{Tackling energy poverty: Do clean fuels for cooking and access to electricity improve or worsen health outcomes in Sub-Saharan Africa?}},
  author={Byaro, Mwoya and Mmbaga, Nanzia Florent and Mafwolo, Gemma},
  journal={World Development Sustainability},
  volume={4},
  pages={100125},
  year={2024},
  publisher={Elsevier}
}

@article{chang2024energy,
  title={{Energy poverty and fertility intentions: An empirical analysis from household multidimensional perspectives}},
  author={Chang, Dongfeng and Dong, Huimin and He, Feng and Zhang, Jingjing},
  journal={Energy Policy},
  volume={192},
  pages={114242},
  year={2024},
  publisher={Elsevier}
}

@article{charlier2024fuel,
  title={{Fuel poverty and mental health in a COVID-19 context}},
  author={Charlier, Doroth{\'e}e and Legendre, B{\'e}rang{\`e}re},
  journal={Economics \& Human Biology},
  volume={54},
  pages={101404},
  year={2024},
  publisher={Elsevier}
}

@article{compaore2024energy,
  title = {{Energy poverty and women's economic well-being in global South: Evidence from Burkina Faso}},
  author = {Eugène Dimaviya Compaore and Pam Zahonogo and Tito Nestor Tiehi and},
  journal = {Forum for Social Economics},
  volume = {0},
  pages = {1--21},
  year = {2024},
  publisher = {Routledge}
}

@article{dada2024moderating,
  title={{The moderating role of financial development in energy poverty--sustainable environment linkages: Evidence from Africa}},
  author={Dada, James Temitope and Ajide, Folorunsho M and Al-Faryan, Mamdouh Abdulaziz Saleh},
  journal={Management of Environmental Quality: An International Journal},
  volume={35},
  number={4},
  pages={924--944},
  year={2024},
  publisher={Emerald Publishing Limited}
}

@article{djeunankan2024linking,
  title={{Linking energy poverty and industrialization: Empirical evidence from African countries}},
  author={Djeunankan, Ronald and Tadadjeu, Sosson and Kamguia, Brice},
  journal={Energy},
  volume={292},
  pages={130374},
  year={2024},
  publisher={Elsevier}
}

@article{dong2025energy,
  title={{Energy poverty and social welfare: Its measurement analysis and moderating mechanism evaluation}},
  author={Dong, Biying and Xu, Yingzhi},
  journal={Social Indicators Research},
  volume={176},
  number={2},
  pages={593--627},
  year={2025},
  publisher={Springer}
}

@article{ezenekwe2024balancing,
  title={{Balancing the scales: Does public debt and energy poverty mitigate or exacerbate ecological distortions in Nigeria?}},
  author={Ezenekwe, Uju Regina and Okere, Kingsley Ikechukwu and Dimnwobi, Stephen Kelechi and Ekesiobi, Chukwunonso},
  journal={International Social Science Journal},
  volume={74},
  number={252},
  pages={451--475},
  year={2024},
  publisher={Wiley Online Library}
}

@article{fan2024energy,
  title={{Energy poverty and public health vulnerability: A multi-country analysis}},
  author={Fan, Ye and D{\"o}ring, Tim and Li, Shouhao and Zhang, Xin and Fang, Ming and Yu, Yongda},
  journal={Sustainable Development},
  volume={32},
  number={5},
  pages={5161--5180},
  year={2024},
  publisher={Wiley Online Library}
}

@article{gu2024dynamic,
  title={{Dynamic bidirectional relationship between financial inclusion and energy poverty: Evidence from China}},
  author={Gu, Jiafeng},
  journal={Energy Reports},
  volume={11},
  pages={5300--5314},
  year={2024},
  publisher={Elsevier}
}

@article{ipek2024energy,
  title={{Energy poverty and health in Turkey: Evidence from Longitudinal data}},
  author={{\.I}pek, Egemen and {\.I}pek, {\"O}zlem},
  journal={Renewable and Sustainable Energy Reviews},
  volume={203},
  pages={114777},
  year={2024},
  publisher={Elsevier}
}

@article{koirala2024multidimensional,
  title={{Multidimensional energy poverty and its effects on household consumption and savings: Evidence from Nepal}},
  author={Koirala, Dhiroj Prasad and others},
  journal={Heliyon},
  volume={10},
  number={21},
  year={2024},
  publisher={Elsevier}
}

@article{koomson2024energy,
  title={{Energy poverty and mental distress in South Africa: Assessing linkages and potential pathways}},
  author={Koomson, Isaac},
  journal={World Development Sustainability},
  volume={4},
  pages={100116},
  year={2024},
  publisher={Elsevier}
}

@article{lee2024impact,
  title={{Impact of energy poverty on public health: A non-linear study from an international perspective}},
  author={Lee, Chien-Chiang and Yuan, Zihao},
  journal={World Development},
  volume={174},
  pages={106444},
  year={2024},
  publisher={Elsevier}
}

@article{li2024household,
  title={{Household unclean fuel use, indoor pollution and self-rated health: Risk assessment of environmental pollution caused by energy poverty from a public health perspective}},
  author={Li, Chao and Xia, Yuxin and Wang, Lin},
  journal={Environmental Science and Pollution Research},
  volume={31},
  number={12},
  pages={18030--18053},
  year={2024},
  publisher={Springer}
}

@article{liang2024dynamic,
  title={{The dynamic relationship between multidimensional energy poverty and social wellbeing's}},
  author={Liang, Xuefang and Zhang, Yousheng and Tan, Junhui and Chen, Hong and Shabbir, Malik Shahzad},
  journal={Social Indicators Research},
  volume={171},
  number={2},
  pages={641--654},
  year={2024},
  publisher={Springer}
}

@article{liu2024women,
  title={{Why do women bear more? The impact of energy poverty on son preference in Chinese rural households}},
  author={Liu, Huanwen and Dong, Yanfang and Luo, Changfu},
  journal={Energy Policy},
  volume={195},
  pages={114405},
  year={2024},
  publisher={Elsevier}
}

@article{maket2024health,
  title={{Health outcomes of energy poverty among women in Kenya: Evidence from cross-county two-part modelling}},
  author={Maket, Isaiah},
  journal={Energy, Ecology and Environment},
  pages={1--20},
  year={2024},
  publisher={Springer}
}

@article{ngounou2025does,
  title={{Does energy poverty undermine health spending in Africa? A comparative analysis of public and private healthcare spending}},
  author={Ngounou, Borice Augustin and Wang, Mingsen and Zhu, Delong},
  journal={Renewable Energy},
  volume={239},
  pages={121987},
  year={2025},
  publisher={Elsevier}
}

@article{nguyen2024elderly,
  title={{Elderly well-being amidst energy poverty: Exploring the health, social, and economic impacts in Vietnam}},
  author={Nguyen-Phung, Hang Thu and Le, Hai},
  journal={Energy Research \& Social Science},
  volume={118},
  pages={103762},
  year={2024},
  publisher={Elsevier}
}

@article{nguyen2024energy,
  title={{Energy poverty and health expenditure: Empirical evidence from Vietnam}},
  author={Nguyen-Phung, Hang Thu and Le, Hai},
  journal={Social Sciences},
  volume={13},
  number={5},
  pages={253},
  year={2024},
  publisher={MDPI}
}

@article{nie2024does,
  title={{Does energy poverty increase health care expenditures in China?}},
  author={Nie, Peng and Li, Qiaoge},
  journal={Applied Economics},
  volume={56},
  number={35},
  pages={4209--4235},
  year={2024},
  publisher={Taylor \& Francis}
}

@article{nsenkyire2024multidimensional,
  title={{Multidimensional energy poverty in west Africa: Implication for women's subjective well-being and cognitive health}},
  author={Nsenkyire, Elizabeth and Nunoo, Jacob and Sebu, Joshua and Nkrumah, Richard Kwabena and Amankwanor, Princella},
  journal={Applied Research in Quality of Life},
  volume={19},
  number={3},
  pages={859--880},
  year={2024},
  publisher={Springer}
}

@article{okyere2024energy,
  title={{Energy and vulnerability: Exploring the energy poverty-risky sexual behavior nexus among young women in Ghana}},
  author={Okyere, Michael Adu and Christian, Aaron Kobina and Essel-Gaisey, Felix and Zuka, Fawzia Muhammed},
  journal={SSM-Population Health},
  volume={25},
  pages={101597},
  year={2024},
  publisher={Elsevier}
}

@article{opoku2024focus,
  title={{A focus on Ghana's sustainable development: Examining the interplay of income inequality and energy poverty}},
  author={Opoku, Erica Odwira and Gyimah, Justice and Nyantakyi, George and Nwigwe, Ujunwa Angela and Yao, Xilong},
  journal={Heliyon},
  volume={10},
  number={1},
  year={2024},
  publisher={Elsevier}
}

@article{etudaiye2024fintech,
  title={{Fintech, human development and energy poverty in Sub-Saharan Africa}},
  author={Etudaiye-Muhtar, Fatima Oyebola and Johan, Sofia and Lawal, Rodiat and Sakariyahu, Rilwan},
  journal={Journal of International Financial Markets, Institutions and Money},
  volume={91},
  pages={101931},
  year={2024},
  publisher={Elsevier}
}

@article{pondie2024energy,
  title={{Energy poverty and respiratory health in Sub-Saharan Africa: Effects and transmission channels}},
  author={Pondie, Thierry Messie and Engwali, FON Dorothy and Nkoa, Bruno Emmanuel Ongo and Domguia, Edmond Noubissi},
  journal={Energy},
  volume={297},
  pages={131158},
  year={2024},
  publisher={Elsevier}
}

@article{pondie2024poverty,
  title = {{Energy poverty in light of the climate emergency in Sub-Saharan Africa: Impact and transmission channels}},  
  author = {Messie Pondie, Thierry and Engwali, Fon Dorothy},
  journal = {Natural Resources Forum},
  volume = {},
  number = {},
  pages = {},
  year={2024}
}

@article{qin2024can,
  title={{How can energy poverty affect farmers' health? Evidence from mountainous areas in China}},
  author={Qin, Jiangnan and Li, Wenjing and Zhang, Junbiao},
  journal={Energy},
  volume={290},
  pages={130074},
  year={2024},
  publisher={Elsevier}
}

@article{sen2024unveiling,
  title={{Unveiling the effects of energy poverty on mental health of children in energy-poor countries}},
  author={Sen, Kanchan Kumar and Singha, Bipasha and Karmaker, Shamal Chandra and Hosan, Shahadat and Chapman, Andrew J and Saha, Bidyut Baran},
  journal={Energy Research \& Social Science},
  volume={117},
  pages={103729},
  year={2024},
  publisher={Elsevier}
}

@article{shabbir2024energy,
  title={{Energy deprivation to financial prosperity: Unveiling multidimensional energy Poverty's influence}},
  author={Shabbir, Malik Shahzad and Cheong, Calvin WH and Jaradat, Mohammad and Lile, Ramona and Niedba{\l}a, Gniewko and Gadoiu, Mihaela},
  journal={Energy Strategy Reviews},
  volume={54},
  pages={101473},
  year={2024},
  publisher={Elsevier}
}

@article{shi2024influence,
  title={{Influence of energy poverty on agricultural water efficiency using a panel data study in China}},
  author={Shi, Hongxu and Zhang, Yuehua and Bian, Mengyan and Zhang, Jun},
  journal={Scientific Reports},
  volume={14},
  number={1},
  pages={2064},
  year={2024},
  publisher={Nature Publishing Group UK London}
}

@article{song2024urbanization,
  title={{Urbanization in Africa: Does energy poverty matter?}},
  author={Song, Jacques Simon and Pondie, Thierry Messie and Njoya, Loudi},
  journal={Journal of the Knowledge Economy},
  volume={15},
  number={3},
  pages={11750--11783},
  year={2024},
  publisher={Springer}
}

@article{soto2025energy,
  title={{Energy poverty and the green energy transition's impact upon income inequality in Latin America}},
  author={Soto, Gonzalo H and Martinez-Cobas, Xavier},
  journal={Structural Change and Economic Dynamics},
  volume={72},
  pages={220--232},
  year={2025},
  publisher={Elsevier}
}

@article{tang2024environmental,
  title={{Environmental regulation, energy poverty and social welfare: Based on China's provincial panel data}},
  author={Tang, Jian and Huang, Xiaoyue and Chen, Hsing Hung and Gao, Wangbo and Liu, Xia},
  journal={Energy Strategy Reviews},
  volume={56},
  pages={101592},
  year={2024},
  publisher={Elsevier}
}

@article{villanthenkodath2024impact,
  title={{The impact of energy poverty on the aggregate and disaggregate material footprints in BRICS}},
  author={Villanthenkodath, Muhammed Ashiq and Mahalik, Mantu Kumar and Heshmati, Almas and Lean, Hooi Hooi},
  journal={Journal of Environmental Planning and Management},
  volume={67},
  number={11},
  pages={2477--2501},
  year={2024},
  publisher={Taylor \& Francis}
}

@article{wang2024does,
  title={{Does addressing rural energy poverty contribute to achieving sustainable agricultural development?}},
  author={Wang, Jingyi and Sun, Xiaolong and Zhang, Shuai and Zhang, Xuebiao},
  journal={Agriculture},
  volume={14},
  number={6},
  pages={795},
  year={2024},
  publisher={MDPI}
}

@article{wang2024interaction,
  title={{The interaction of income inequality and energy poverty on global carbon emissions: A dynamic panel data approach}},
  author={Wang, Feng and Qu, Mengdie},
  journal={Energy Economics},
  volume={140},
  pages={108027},
  year={2024},
  publisher={Elsevier}
}

@article{wang2024has,
  title={{Has energy poverty entangled the households by hindering the filial generation?}},
  author={Wang, Yao and Du, Zhili},
  journal={Energy Policy},
  volume={186},
  pages={114018},
  year={2024},
  publisher={Elsevier}
}

@article{wang2024impact,
  title={{The impact of energy poverty on the health and welfare of the middle-aged and older adults}},
  author={Wang, Yibo and Wu, You and Wang, Chenyu and Li, Li and Lei, Yalin and Wu, Sanmang and Qu, Zhi},
  journal={Frontiers in Public Health},
  volume={12},
  pages={1404014},
  year={2024},
  publisher={Frontiers Media SA}
}

@article{wang2024impact2,
  title={{The impact of energy poverty alleviation on carbon emissions in countries along the Belt and Road initiative}},
  author={Wang, Xinyu and Wang, Yinsu and Zhou, Kui},
  journal={Sustainability},
  volume={16},
  number={11},
  pages={4681},
  year={2024},
  publisher={MDPI}
}

@article{yang2024effect,
  title={{Effect of energy poverty alleviation on high-quality economic development: An empirical study based on China}},
  author={Yang, Fang and Gan, Qinfan},
  journal={Energies},
  volume={17},
  number={20},
  year={2024}
}

@article{yang2024energy,
  title={{Energy poverty and household development resilience: Household level evidence from China}},
  author={Yang, Yaofeng and Jiang, Mingchun and Li, Xiuqing and Chen, Yajuan},
  journal={Energy},
  volume={309},
  pages={133003},
  year={2024},
  publisher={Elsevier}
}

@article{zhang2024improving,
  title={{Improving energy-related efficiency towards SDG7 in China: What role does energy poverty play?}},
  author={Zhang, Lina and Xiong, Guilan and Ni, Rui and Chiu, Yung-ho and Pang, Qinghua and Shi, Zhen and Wang, Xiang},
  journal={Journal of Environmental Management},
  volume={369},
  pages={122289},
  year={2024},
  publisher={Elsevier}
}

@article{zhao2024does,
  title={{How does energy poverty eradication affect global carbon neutrality?}},
  author={Zhao, Jun and Dong, Kangyin and Dong, Xiucheng},
  journal={Renewable and Sustainable Energy Reviews},
  volume={191},
  pages={114104},
  year={2024},
  publisher={Elsevier}
}
