@article{barnes2011energy,
  title={{Energy poverty in rural Bangladesh}},
  author={Barnes, Douglas F and Khandker, Shahidur R and Samad, Hussain A},
  journal={Energy Policy},
  volume={39},
  number={2},
  pages={894--904},
  year={2011},
  publisher={Elsevier}
}

@article{khandker2012energy,
  title={{Are the energy poor also income poor? Evidence from India}},
  author={Khandker, Shahidur R and Barnes, Douglas F and Samad, Hussain A},
  journal={Energy Policy},
  volume={47},
  pages={1--12},
  year={2012},
  publisher={Elsevier}
}

@article{moore2012definitions,
  title={{Definitions of fuel poverty: Implications for policy}},
  author={Moore, Richard},
  journal={Energy Policy},
  volume={49},
  pages={19--26},
  year={2012},
  publisher={Elsevier}
}

@article{nussbaumer2012measuring,
  title={{Measuring energy poverty: Focusing on what matters}},
  author={Nussbaumer, Patrick and Bazilian, Morgan and Modi, Vijay},
  journal={Renewable and Sustainable Energy Reviews},
  volume={16},
  number={1},
  pages={231--243},
  year={2012},
  publisher={Elsevier}
}

@article{price2012objective,
  title={{Objective and subjective measures of fuel poverty}},
  author={Price, Catherine Waddams and Brazier, Karl and Wang, Wenjia},
  journal={Energy Policy},
  volume={49},
  pages={33--39},
  year={2012},
  publisher={Elsevier}
}

@article{awan2013investigation,
  title={{An investigation of multidimensional energy poverty in Pakistan}},
  author={Awan, Rehmat Ullah and Sher, Falak and Abbas, Akhtar},
  journal={The Pakistan Development Review},
  pages={405--418},
  year={2013},
  publisher={JSTOR}
}

@article{edoumiekumo2013multidimensional,
  title={{Multidimensional energy poverty in the south-south geopolitical zone of Nigeria}},
  author={Edoumiekumo, Samuel Gowon and Tombofa, Stephen S and Karimo, Tamarauntari Moses},
  journal={Journal of Economics and Sustainable Development},
  volume={4},
  number={20},
  pages={96--103},
  year={2013}
}

@article{nussbaumer2013global,
  title={{Global insights based on the multidimensional energy poverty index (MEPI)}},
  author={Nussbaumer, Patrick and Fuso Nerini, Francesco and Onyeji, Ijeoma and Howells, Mark},
  journal={Sustainability},
  volume={5},
  number={5},
  pages={2060--2076},
  year={2013},
  publisher={MDPI}
}

@article{tchereni2013economic,
  title={{Economic analysis of energy poverty in South Lunzu, Malawi}},
  author={Tchereni, Betchani HM and Grobler, Wynand and Dunga, Steven H},
  journal={Journal of Economics and Sustainable Development},
  volume={4},
  number={4},
  year={2013}
}

@article{apere2014multidimensional,
  title={{Multidimensional energy poverty in Nigeria: A national and zonal level analysis}},
  author={Apere, TO and Karimo, Tamarauntari Moses},
  journal={British Journal of Advance Academic Research},
  volume={3},
  number={1},
  pages={83--92},
  year={2014},
  publisher={Citeseer}
}

@article{dugoua2014relative,
  title={{Relative deprivation and energy poverty: When does unequal access to electricity cause dissatisfaction?}},
  author={Dugoua, Eugenie and Urpelainen, Johannes},
  journal={International Journal of Energy Research},
  volume={38},
  number={13},
  pages={1727--1740},
  year={2014},
  publisher={Wiley Online Library}
}

@article{miniaci2014fuel,
  title={{Fuel poverty and the energy benefits system: The Italian case}},
  author={Miniaci, Raffaele and Scarpa, Carlo and Valbonesi, Paola},
  journal={Available at SSRN 2433441},
  year={2014}
}

@article{sher2014investigation,
  title={{An investigation of multidimensional energy poverty in Pakistan: A province level analysis}},
  author={Sher, Falak and Abbas, Akhtar and Awan, Rehmat Ullah},
  journal={International Journal of Energy Economics and Policy},
  volume={4},
  number={1},
  pages={65--75},
  year={2014},
  publisher={{\.I}lhan {\"O}ZT{\"U}RK}
}

@article{bekele2015energy,
  title={{Energy poverty in addis ababa city, Ethiopia}},
  author={Bekele, Getamesay and Nagatu, W and Eshete, Getachew},
  journal={Journal of Economics and Sustainable Development},
  volume={6},
  number={3},
  year={2015}
}

@article{heindl2015measuring,
  title={{Measuring fuel poverty: General considerations and application to German household data}},
  author={Heindl, Peter},
  journal={FinanzArchiv/Public Finance Analysis},
  pages={178--215},
  year={2015},
  publisher={JSTOR}
}

@article{ismail2015determinants,
  title={{Determinants of energy poverty in South Africa}},
  author={Ismail, Zaakirah and Khembo, Patrick},
  journal={Journal of Energy in Southern Africa},
  volume={26},
  number={3},
  pages={66--78},
  year={2015},
  publisher={University of Cape Town}
}

@article{ismail2015empirical,
  title={{An empirical estimation of energy poverty in poor South African households}},
  author={Ismail, Zaakirah},
  journal={Journal of Economics and Sustainable Development},
  volume={6},
  number={13},
  year={2015}
}

@article{legendre2015measuring,
  title={{Measuring fuel poverty in France: Which households are the most fuel vulnerable?}},
  author={Legendre, B{\'e}rang{\`e}re and Ricci, Olivia},
  journal={Energy Economics},
  volume={49},
  pages={620--628},
  year={2015},
  publisher={Elsevier}
}

@article{roberts2015fuel,
  title={{Fuel poverty in the UK: Is there a difference between rural and urban areas?}},
  author={Roberts, Deborah and Vera-Toscano, Esperanza and Phimister, Euan},
  journal={Energy Policy},
  volume={87},
  pages={216--223},
  year={2015},
  publisher={Elsevier}
}

@article{imbert2016same,
  title={{Same but different: On the applicability of fuel poverty indicators across countries-Insights from France}},
  author={Imbert, Ines and Nogues, Patrice and Sevenet, Marie},
  journal={Energy Research \& Social Science},
  volume={15},
  pages={75--85},
  year={2016},
  publisher={Elsevier}
}

@article{lipu2016energy,
  title={{Energy poverty and access to modern energy of urban poor: A case of Dhaka, Bangladesh}},
  author={Lipu, Molla Shahadat Hossain and Shrestha, Pujan and Kumar, Sivanappan},
  journal={International Journal of Energy Technology and Policy},
  volume={12},
  number={3},
  pages={270--294},
  year={2016},
  publisher={Inderscience Publishers (IEL)}
}

@article{ogwumike2016analysis,
  title={{Analysis of energy poverty and its implications for sustainable development in Nigeria}},
  author={Ogwumike, Fidelis O and Ozughalu, Uche M},
  journal={Environment and Development Economics},
  volume={21},
  number={3},
  pages={273--290},
  year={2016},
  publisher={Cambridge University Press}
}

@article{okushima2016measuring,
  title={{Measuring energy poverty in Japan, 2004--2013}},
  author={Okushima, Shinichiro},
  journal={Energy Policy},
  volume={98},
  pages={557--564},
  year={2016},
  publisher={Elsevier}
}

@article{papada2016measuring,
  title={{Measuring energy poverty in Greece}},
  author={Papada, Lefkothea and Kaliampakos, Dimitris},
  journal={Energy Policy},
  volume={94},
  pages={157--165},
  year={2016},
  publisher={Elsevier}
}

@article{mahmood2017deprivation,
  title={{Deprivation counts: An assessment of energy poverty in Pakistan}},
  author={Mahmood, Rafat and Shah, Anwar},
  journal={},
  year={2017},
  publisher={{\copyright} Lahore School of Economics}
}

@article{kerimray2018causes,
  title={{Causes of energy poverty in a cold and resource-rich country: Evidence from Kazakhstan}},
  author={Kerimray, A and De Miglio, R and Rojas-Sol{\'o}rzano, L and {\'O} Gallach{\'o}ir, BP},
  journal={Local Environment},
  volume={23},
  number={2},
  pages={178--197},
  year={2018},
  publisher={Taylor \& Francis}
}

@article{meyer2018capturing,
  title={{Capturing the multifaceted nature of energy poverty: Lessons from Belgium}},
  author={Meyer, Sandrine and Laurence, Holzemer and Bart, Delbeke and Middlemiss, Lucie and Mar{\'e}chal, Kevin},
  journal={Energy Research \& Social Science},
  volume={40},
  pages={273--283},
  year={2018},
  publisher={Elsevier}
}

@article{poruschi2018densification,
  title={{Densification, what does it mean for fuel poverty and energy justice? An empirical analysis}},
  author={Poruschi, Lavinia and Ambrey, Christopher L},
  journal={Energy Policy},
  volume={117},
  pages={208--217},
  year={2018},
  publisher={Elsevier}
}

@article{romero2018policy,
  title={{The policy implications of energy poverty indicators}},
  author={Romero, Jos{\'e} Carlos and Linares, Pedro and L{\'o}pez, Xiral},
  journal={Energy Policy},
  volume={115},
  pages={98--108},
  year={2018},
  publisher={Elsevier}
}

@article{costa2019energy,
  title={{Energy poverty in Spain: An income approach analysis}},
  author={Costa-Campi, Maria T and Jov{\'e}-Llopis, Elisenda and Trujillo-Baute, Elisa},
  journal={Energy Sources, Part B: Economics, Planning, and Policy},
  volume={14},
  number={7-9},
  pages={327--340},
  year={2019},
  publisher={Taylor \& Francis}
}

@incollection{bersisa2019multidimensional,
  title={{Multidimensional measure of household energy poverty and its determinants in Ethiopia 1}},
  author={Bersisa, Mekonnen},
  booktitle={Economic Transformation for Poverty Reduction in Africa},
  pages={58--83},
  address= {New {Y}ork},
  year={2019},
  publisher={Routledge}
}

@article{crentsil2019assessing,
  title={{Assessing the determinants and drivers of multidimensional energy poverty in Ghana}},
  author={Crentsil, Aba Obrumah and Asuman, Derek and Fenny, Ama Pokuaa},
  journal={Energy Policy},
  volume={133},
  pages={110884},
  year={2019},
  publisher={Elsevier}
}

@article{mendoza2019understanding,
  title={{Understanding multidimensional energy poverty in the Philippines}},
  author={Mendoza Jr, Celedonio B and Cayonte, Dwane Darcy D and Leabres, Michael S and Manaligod, Lana Rose A},
  journal={Energy Policy},
  volume={133},
  pages={110886},
  year={2019},
  publisher={Elsevier}
}

@article{oum2019energy,
  title={{Energy poverty in the Lao PDR and its impacts on education and health}},
  author={Oum, Sothea},
  journal={Energy Policy},
  volume={132},
  pages={247--253},
  year={2019},
  publisher={Elsevier}
}

@article{ozughalu2019extreme,
  title={{Extreme energy poverty incidence and determinants in Nigeria: A multidimensional approach}},
  author={Ozughalu, Uche M and Ogwumike, Fidelis O},
  journal={Social Indicators Research},
  volume={142},
  pages={997--1014},
  year={2019},
  publisher={Springer}
}

@article{phoumin2019cambodia,
  title={{Cambodia's energy poverty and its effects on social wellbeing: Empirical evidence and policy implications}},
  author={Phoumin, Han and Kimura, Fukunari},
  journal={Energy Policy},
  volume={132},
  pages={283--289},
  year={2019},
  publisher={Elsevier}
}

@article{sambodo2019state,
  title={{The state of energy poverty in Indonesia and its impact on welfare}},
  author={Sambodo, Maxensius Tri and Novandra, Rio},
  journal={Energy Policy},
  volume={132},
  pages={113--121},
  year={2019},
  publisher={Elsevier}
}

@article{zhang2019multidimensional,
  title={{A multidimensional measure of energy poverty in China and its impacts on health: An empirical study based on the China family panel studies}},
  author={Zhang, Dayong and Li, Jiajia and Han, Phoumin},
  journal={Energy Policy},
  volume={131},
  pages={72--81},
  year={2019},
  publisher={Elsevier}
}

@article{abbas2020socioeconomic,
  title={{Do socioeconomic factors determine household multidimensional energy poverty? Empirical evidence from South Asia}},
  author={Abbas, Khizar and Li, Shixiang and Xu, Deyi and Baz, Khan and Rakhmetova, Aigerim},
  journal={Energy Policy},
  volume={146},
  pages={111754},
  year={2020},
  publisher={Elsevier}
}

@article{churchill2020fuel,
  title={{Fuel poverty and subjective wellbeing}},
  author={Churchill, Sefa Awaworyi and Smyth, Russell and Farrell, Lisa},
  journal={Energy Economics},
  volume={86},
  pages={104650},
  year={2020},
  publisher={Elsevier}
}

@article{churchill2020ethnic,
  title={{Ethnic diversity, energy poverty and the mediating role of trust: Evidence from household panel data for Australia}},
  author={Churchill, Sefa Awaworyi and Smyth, Russell},
  journal={Energy Economics},
  volume={86},
  pages={104663},
  year={2020},
  publisher={Elsevier}
}

@article{kahouli2020economic,
  title={{An economic approach to the study of the relationship between housing hazards and health: The case of residential fuel poverty in France}},
  author={Kahouli, Sond{\`e}s},
  journal={Energy Economics},
  volume={85},
  pages={104592},
  year={2020},
  publisher={Elsevier}
}

@article{lin2020does,
  title={{Does energy poverty really exist in China? From the perspective of residential electricity consumption}},
  author={Lin, Boqiang and Wang, Yao},
  journal={Energy Policy},
  volume={143},
  pages={111557},
  year={2020},
  publisher={Elsevier}
}

@article{lin2020multidimensional,
  title={{Multidimensional energy poverty and mental health: micro-level evidence from Ghana}},
  author={Lin, Boqiang and Okyere, Michael Adu},
  journal={International Journal of Environmental Research and Public Health},
  volume={17},
  number={18},
  pages={6726},
  year={2020},
  publisher={MDPI}
}

@article{abbas2021assessing,
  title={{Assessing an empirical relationship between energy poverty and domestic health issues: A multidimensional approach}},
  author={Abbas, Khizar and Xie, Xiaoqing and Xu, Deyi and Butt, Khalid Manzoor},
  journal={Energy},
  volume={221},
  pages={119774},
  year={2021},
  publisher={Elsevier}
}

@article{adusah2021energy,
  title={{Are energy-poor households also poor? Evidence from Ghana}},
  author={Adusah-Poku, Frank and Adjei-Mantey, Kwame and Kwakwa, Paul A},
  journal={Poverty \& Public Policy},
  volume={13},
  number={1},
  pages={32--58},
  year={2021},
  publisher={Wiley Online Library}
}

@article{akter2021off,
  title={{Is off-grid residential solar power inclusive? Solar power adoption, energy poverty, and social inequality in India}},
  author={Akter, Sonia and Bagchi, Kaushambi},
  journal={Energy Research \& Social Science},
  volume={82},
  pages={102314},
  year={2021},
  publisher={Elsevier}
}

@article{bukari2021energy,
  title={{Energy poverty and health expenditure: Evidence from Ghana}},
  author={Bukari, Chei and Broermann, Shanaz and Okai, Davidson},
  journal={Energy Economics},
  volume={103},
  pages={105565},
  year={2021},
  publisher={Elsevier}
}

@article{burlinson2021fuel,
  title={{Fuel poverty and financial distress}},
  author={Burlinson, Andrew and Giulietti, Monica and Law, Cherry and Liu, Hui-Hsuan},
  journal={Energy Economics},
  volume={102},
  pages={105464},
  year={2021},
  publisher={Elsevier}
}

@article{cheng2021energy,
  title={{Energy poverty and entrepreneurship}},
  author={Cheng, Zhiming and Tani, Massimiliano and Wang, Haining},
  journal={Energy Economics},
  volume={102},
  pages={105469},
  year={2021},
  publisher={Elsevier}
}

@article{churchill2021energy,
  title={{Energy poverty and health: Panel data evidence from Australia}},
  author={Churchill, Sefa Awaworyi and Smyth, Russell},
  journal={Energy Economics},
  volume={97},
  pages={105219},
  year={2021},
  publisher={Elsevier}
}

@article{churchill2021locus,
  title={{Locus of control and energy poverty}},
  author={Churchill, Sefa Awaworyi and Smyth, Russell},
  journal={Energy Economics},
  volume={104},
  pages={105648},
  year={2021},
  publisher={Elsevier}
}

@article{delugas2021evaluating,
  title={{Evaluating the impact of energy poverty in a multidimensional setting}},
  author={Delugas, Erica and Brau, Rinaldo},
  journal={The Energy Journal},
  volume={42},
  number={1},
  pages={39--66},
  year={2021},
  publisher={SAGE Publications Sage CA: Los Angeles, CA}
}

@article{dogan2021households,
  title={{Which households are more energy vulnerable? Energy poverty and financial inclusion in Turkey}},
  author={Dogan, Eyup and Madaleno, Mara and Taskin, Dilvin},
  journal={Energy Economics},
  volume={99},
  pages={105306},
  year={2021},
  publisher={Elsevier}
}

@article{drescher2021determinants,
  title={{Determinants, persistence, and dynamics of energy poverty: An empirical assessment using German household survey data}},
  author={Drescher, Katharina and Janzen, Benedikt},
  journal={Energy Economics},
  volume={102},
  pages={105433},
  year={2021},
  publisher={Elsevier}
}

@article{feeny2021temperature,
  title={{Temperature shocks and energy poverty: Findings from Vietnam}},
  author={Feeny, Simon and Trinh, Trong-Anh and Zhu, Anna},
  journal={Energy Economics},
  volume={99},
  pages={105310},
  year={2021},
  publisher={Elsevier}
}

@article{gafa2021energy,
  title={{Energy poverty in rural West Africa and its determinants: Evidence from Senegal and Togo}},
  author={Gafa, Dede W and Egbendewe, Aklesso YG},
  journal={Energy Policy},
  volume={156},
  pages={112476},
  year={2021},
  publisher={Elsevier}
}

@article{hailemariam2021impact,
  title={{The impact of energy poverty on physical violence}},
  author={Hailemariam, Abebe and Sakutukwa, Tutsirai and Yew, Siew Ling},
  journal={Energy Economics},
  volume={100},
  pages={105336},
  year={2021},
  publisher={Elsevier}
}

@article{halkos2021evaluating,
  title={{Evaluating the effect of economic crisis on energy poverty in Europe}},
  author={Halkos, George E and Gkampoura, Eleni-Christina},
  journal={Renewable and Sustainable Energy Reviews},
  volume={144},
  pages={110981},
  year={2021},
  publisher={Elsevier}
}

@article{koomson2021financial,
  title={{Financial inclusion and energy poverty: Empirical evidence from Ghana}},
  author={Koomson, Isaac and Danquah, Michael},
  journal={Energy Economics},
  volume={94},
  pages={105085},
  year={2021},
  publisher={Elsevier}
}

@article{lin2021does,
  title={{Does energy poverty affect the well-being of people: Evidence from Ghana}},
  author={Lin, Boqiang and Okyere, Michael Adu},
  journal={Sustainable Production and Consumption},
  volume={28},
  pages={675--685},
  year={2021},
  publisher={Elsevier}
}

@article{mohan2021young,
  title={{Young, poor, and sick: The public health threat of energy poverty for children in Ireland}},
  author={Mohan, Gretta},
  journal={Energy Research \& Social Science},
  volume={71},
  pages={101822},
  year={2021},
  publisher={Elsevier}
}

@article{nie2021energy,
  title={{Energy poverty and subjective well-being in China: New evidence from the China Family Panel Studies}},
  author={Nie, Peng and Li, Qiaoge and Sousa-Poza, Alfonso},
  journal={Energy Economics},
  volume={103},
  pages={105548},
  year={2021},
  publisher={Elsevier}
}

@article{paudel2021people,
  title={{Why are people energy poor? Evidence from ethnic fractionalization}},
  author={Paudel, Jayash},
  journal={Energy Economics},
  volume={102},
  pages={105519},
  year={2021},
  publisher={Elsevier}
}

@article{omar2021multidimensional,
  title={{Multidimensional energy poverty in Bangladesh and its effect on health and education: A multilevel analysis based on household survey data}},
  author={Omar, Md Abdullah and Hasanujzaman, Muhammad},
  journal={Energy Policy},
  volume={158},
  pages={112579},
  year={2021},
  publisher={Elsevier}
}

@article{prakash2021energy,
  title={{Energy poverty and obesity}},
  author={Prakash, Kushneel and Munyanyi, Musharavati Ephraim},
  journal={Energy Economics},
  volume={101},
  pages={105428},
  year={2021},
  publisher={Elsevier}
}

@article{qurat2021multidimensional,
  title={{Multidimensional energy poverty in Pakistan: Empirical evidence from household level micro data}},
  author={{Qurat-ul-Ann}, Abre-Rehmat and Mirza, Faisal Mehmood},
  journal={Social Indicators Research},
  volume={155},
  number={1},
  pages={211--258},
  year={2021},
  publisher={Springer}
}

@article{rafi2021multidimensional,
  title={{Multidimensional energy poverty and human capital development: Empirical evidence from India}},
  author={Rafi, Muhammed and Naseef, Mohemmad and Prasad, Salu},
  journal={Energy Economics},
  volume={101},
  pages={105427},
  year={2021},
  publisher={Elsevier}
}

@article{riva2021energy,
  title={{Energy poverty in Canada: Prevalence, social and spatial distribution, and implications for research and policy}},
  author={Riva, Mylene and Makasi, Sophie Kingunza and Dufresne, Philippe and O'Sullivan, Kimberley and Toth, Megan},
  journal={Energy Research \& Social Science},
  volume={81},
  pages={102237},
  year={2021},
  publisher={Elsevier}
}

@article{abbas2022measurements,
  title={{Measurements and determinants of extreme multidimensional energy poverty using machine learning}},
  author={Abbas, Khizar and Butt, Khalid Manzoor and Xu, Deyi and Ali, Muhammad and Baz, Khan and Kharl, Sanwal Hussain and Ahmed, Mansoor},
  journal={Energy},
  volume={251},
  pages={123977},
  year={2022},
  publisher={Elsevier}
}

@article{adeyonu2022spatial,
  title={{Spatial profiles and determinants of multidimensional energy poverty in rural Nigeria}},
  author={Adeyonu, Abigail Gbemisola and Adams, Samuel Olorunfemi and Kehinde, Mojisola Olanike and Akerele, Dare and Otekunrin, Olutosin A},
  journal={International Journal of Energy Economics and Policy},
  volume={12},
  number={3},
  pages={373--384},
  year={2022}
}

@article{awan2022energy,
  title={{Energy poverty trends and determinants in Pakistan: Empirical evidence from eight waves of HIES 1998--2019}},
  author={Awan, Ashar and Bilgili, Faik and others},
  journal={Renewable and Sustainable Energy Reviews},
  volume={158},
  pages={112157},
  year={2022},
  publisher={Elsevier}
}

@article{bagnoli2022effective,
  title={{How effective has the electricity social rate been in reducing energy poverty in Spain?}},
  author={Bagnoli, Lisa and Bertom{\'e}u-S{\'a}nchez, Salvador},
  journal={Energy Economics},
  volume={106},
  pages={105792},
  year={2022},
  publisher={Elsevier}
}

@article{bakehe2022energy,
  title={{Energy poverty: Consequences for respiratory health and labour force participation in Cameroon}},
  author={Bakehe, Novice Patrick},
  journal={Journal of Environmental Economics and Policy},
  volume={11},
  number={3},
  pages={235--247},
  year={2022},
  publisher={Taylor \& Francis}
}

@article{belaid2022mapping,
  title={{Mapping and understanding the drivers of fuel poverty in emerging economies: The case of Egypt and Jordan}},
  author={Bela{\"\i}d, Fateh},
  journal={Energy Policy},
  volume={162},
  pages={112775},
  year={2022},
  publisher={Elsevier}
}

@article{cheng2022childhood,
  title={{Childhood adversity and energy poverty}},
  author={Cheng, Zhiming and Guo, Liwen and Smyth, Russell and Tani, Massimiliano},
  journal={Energy Economics},
  volume={111},
  pages={106101},
  year={2022},
  publisher={Elsevier}
}

@article{churchill2022protestantism,
  title={{Protestantism and energy poverty}},
  author={Churchill, Sefa Awaworyi and Smyth, Russell},
  journal={Energy Economics},
  volume={111},
  pages={106087},
  year={2022},
  publisher={Elsevier}
}

@article{churchill2022local,
  title={{Local area crime and energy poverty}},
  author={Churchill, Sefa Awaworyi and Smyth, Russell},
  journal={Energy Economics},
  volume={114},
  pages={106274},
  year={2022},
  publisher={Elsevier}
}

@article{davillas2022getting,
  title={{Getting warmer: Fuel poverty, objective and subjective health and well-being}},
  author={Davillas, Apostolos and Burlinson, Andrew and Liu, Hui-Hsuan},
  journal={Energy Economics},
  volume={106},
  pages={105794},
  year={2022},
  publisher={Elsevier}
}

@article{dogan2022race,
  title={{Race and energy poverty: Evidence from African-American households}},
  author={Dogan, Eyup and Madaleno, Mara and Inglesi-Lotz, Roula and Taskin, Dilvin},
  journal={Energy Economics},
  volume={108},
  pages={105908},
  year={2022},
  publisher={Elsevier}
}

@article{fry2022energy,
  title={{Energy poverty and retirement income sources in Australia}},
  author={Fry, Jane M and Farrell, Lisa and Temple, Jeromey B},
  journal={Energy Economics},
  volume={106},
  pages={105793},
  year={2022},
  publisher={Elsevier}
}

@article{hammerle2022solar,
  title={{Solar PV and energy poverty in Australia's residential sector}},
  author={Hammerle, Mara and Burke, Paul J},
  journal={Australian Journal of Agricultural and Resource Economics},
  volume={66},
  number={4},
  pages={822--841},
  year={2022},
  publisher={Wiley Online Library}
}

@article{hong2022clean,
  title={{Clean energy powers energy poverty alleviation: Evidence from Chinese micro-survey data}},
  author={Hong, Xudong and Wu, Shengnan and Zhang, Xueliang},
  journal={Technological Forecasting and Social Change},
  volume={182},
  pages={121737},
  year={2022},
  publisher={Elsevier}
}

@article{koomson2022does,
  title={{How does ethnic diversity affect energy poverty? Insights from South Africa}},
  author={Koomson, Isaac and Afoakwah, Clifford and Ampofo, Akwasi},
  journal={Energy Economics},
  volume={111},
  pages={106079},
  year={2022},
  publisher={Elsevier}
}

@article{koomson2022employment,
  title={{Employment precarity and energy poverty in post-apartheid South Africa: Exploring the racial and ethnic dimensions}},
  author={Koomson, Isaac and Churchill, Sefa Awaworyi},
  journal={Energy Economics},
  volume={110},
  pages={106026},
  year={2022},
  publisher={Elsevier}
}

@article{lin2022people,
  title={{Are people energy poor because of their prosocial behavior? Evidence from Ghana}},
  author={Lin, Boqiang and Okyere, Michael Adu},
  journal={Energy},
  volume={239},
  pages={122455},
  year={2022},
  publisher={Elsevier}
}

@article{li2022impact,
  title={{Impact of energy poverty on cognitive and mental health among middle-aged and older adults in China}},
  author={Li, Xuefeng and Yang, Han and Jia, Jin},
  journal={Humanities and Social Sciences Communications},
  volume={9},
  number={1},
  pages={1--13},
  year={2022},
  publisher={Palgrave}
}

@article{liu2022role,
  title={{The role of Sustainable Development Goals to eradicate the multidimensional energy poverty and improve social Wellbeing's}},
  author={Liu, Jian and Jain, Vipin and Sharma, Paritosh and Ali, Syed Ahtsham and Shabbir, Malik Shahzad and Ramos-Meza, Carlos Samuel},
  journal={Energy Strategy Reviews},
  volume={42},
  pages={100885},
  year={2022},
  publisher={Elsevier}
}

@article{ma2022environmental,
  title={{Environmental regulations, clean energy access, and household energy poverty: Evidence from China}},
  author={Ma, Rufei and Deng, Liqian and Ji, Qiang and Zhai, Pengxiang},
  journal={Technological Forecasting and Social Change},
  volume={182},
  pages={121862},
  year={2022},
  publisher={Elsevier}
}

@article{mahumane2022urbanization,
  title={{Urbanization of energy poverty? The case of Mozambique}},
  author={Mahumane, Gilberto and Mulder, Peter},
  journal={Renewable and Sustainable Energy Reviews},
  volume={159},
  pages={112089},
  year={2022},
  publisher={Elsevier}
}

@article{martey2022empirical,
  title={{Empirical analysis of crop diversification and energy poverty in Ghana}},
  author={Martey, Edward},
  journal={Energy Policy},
  volume={165},
  pages={112952},
  year={2022},
  publisher={Elsevier}
}

@article{munyanyi2022foreign,
  title={{Foreign aid and energy poverty: Sub-national evidence from Senegal}},
  author={Munyanyi, Musharavati Ephraim and Churchill, Sefa Awaworyi},
  journal={Energy Economics},
  volume={108},
  pages={105899},
  year={2022},
  publisher={Elsevier}
}

@article{oktaviani2022energy,
  title={{Energy poverty and education: Empirical evidence from Indonesia}},
  author={Oktaviani, Hilma and Hartono, Djoni},
  journal={Economics Development Analysis Journal},
  volume={11},
  number={2},
  pages={211--223},
  year={2022}
}

@article{qurat2022effect,
  title={{Effect of Household cooking energy poverty on child respiratory health in Pakistan}},
  author={{Qurat-ul-Ann}, Abre-Rehmat and Mahfooz, Sana},
  journal={iRASD Journal of Economics},
  volume={4},
  number={2},
  pages={352--366},
  year={2022}
}

@article{shi2022understanding,
  title={{Understanding the mechanism of energy poverty affecting irrigation efficiency: Evidence from rural China}},
  author={Shi, Hongxu and Gao, Wei and Xu, Hao and Chang, Ming},
  journal={Environmental Science and Pollution Research},
  volume={29},
  number={47},
  pages={70963--70975},
  year={2022},
  publisher={Springer}
}

@article{xu2022assessing,
  title={{Assessing the effect of energy poverty on the mental and physical health in China—evidence from China family panel studies}},
  author={Xu, Wangzi and Xie, Baiwei and Lou, Bailu and Wang, Weizheng and Wang, Yuzi},
  journal={Frontiers in Energy Research},
  volume={10},
  pages={944415},
  year={2022},
  publisher={Frontiers Media SA}
}

@article{zhang2022energy,
  title={{Energy poverty and depression in rural China: Evidence from the quantile regression approach}},
  author={Zhang, Jun and He, Yuang and Zhang, Jing},
  journal={International Journal of Environmental Research and Public Health},
  volume={19},
  number={2},
  pages={1006},
  year={2022},
  publisher={MDPI}
}

@article{ackermann2023high,
  title={{High-speed internet access and energy poverty}},
  author={Ackermann, Klaus and Churchill, Sefa Awaworyi and Smyth, Russell},
  journal={Energy Economics},
  volume={127},
  pages={107111},
  year={2023},
  publisher={Elsevier}
}

@article{amega2023energy,
  title={{Energy poverty and alcohol consumption}},
  author={Amega, Dillys AD and Churchill, Rejoice EA and Ocloo, Janet EY and Churchill, Sefa Awaworyi},
  journal={World Development Sustainability},
  volume={3},
  pages={100109},
  year={2023},
  publisher={Elsevier}
}

@article{belaid2023impacts,
  title={{Impacts of income poverty and high housing costs on fuel poverty in Egypt: An empirical modeling approach}},
  author={Bela{\"\i}d, Fateh and Flambard, V{\'e}ronique},
  journal={Energy Policy},
  volume={175},
  pages={113450},
  year={2023},
  publisher={Elsevier}
}

@article{cheng2023does,
  title={{Does financial market participation eradicate household energy poverty?}},
  author={Cheng, Shulei and Wei, Tianyu and Wang, Feiran and Zhuang, Lu},
  journal={Energy Economics},
  volume={122},
  pages={106687},
  year={2023},
  publisher={Elsevier}
}

@article{hosan2023evaluating,
  title={{Evaluating the mediating role of energy subsidies on social well-being and energy poverty alleviation in Bangladesh}},
  author={Hosan, Shahadat and Sen, Kanchan Kumar and Rahman, Md Matiar and Karmaker, Shamal Chandra and Chapman, Andrew J and Saha, Bidyut Baran},
  journal={Energy Research \& Social Science},
  volume={100},
  pages={103088},
  year={2023},
  publisher={Elsevier}
}

@article{koomson2023non,
  title={{Non-farm entrepreneurship, caste, and energy poverty in rural India}},
  author={Koomson, Isaac and Orkoh, Emmanuel and Ahmad, Shabbir},
  journal={Energy Economics},
  volume={127},
  pages={107118},
  year={2023},
  publisher={Elsevier}
}

@article{li2023warmer,
  title={{Warmer temperatures and energy poverty: Evidence from Chinese households}},
  author={Li, Xue and Smyth, Russell and Xin, Guangyi and Yao, Yao},
  journal={Energy Economics},
  volume={120},
  pages={106575},
  year={2023},
  publisher={Elsevier}
}

@article{li2023cooking,
  title={{When cooking meets confucianism: Exploring the role of traditional culture in cooking energy poverty}},
  author={Li, Houjian and Leng, Xuan and Hu, Jiayu and Cao, Andi and Guo, Lili},
  journal={Energy Research \& Social Science},
  volume={97},
  pages={102956},
  year={2023},
  publisher={Elsevier}
}

@article{li2023sharing,
  title = {{Sharing energy poverty: The nexus between social interaction-oriented gift expenditure and energy poverty in rural China}},
  author = {Junpeng Li and Wanglin Ma},
  journal = {Energy Research \& Social Science},
  volume = {101},
  pages = {103131},
  year = {2023},
  issn = {2214-6296},
  publisher={Elsevier}
}

@article{luan2023digital,
  title={{Digital divide and household energy poverty in China}},
  author={Luan, Bingjiang and Zou, Hong and Huang, Junbing},
  journal={Energy Economics},
  volume={119},
  pages={106543},
  year={2023},
  publisher={Elsevier}
}

@article{ren2023social,
  title={{Social capital and energy poverty: Empirical evidence from China}},
  author={Ren, Zhiyuan and Zhu, Yuhan and Jin, Canyang and Xu, Aiting},
  journal={Energy},
  volume={267},
  pages={126588},
  year={2023},
  publisher={Elsevier}
}

@article{sen2023energy,
  title={{Energy poverty alleviation through financial inclusion: Role of gender in Bangladesh}},
  author={Sen, Kanchan Kumar and Karmaker, Shamal Chandra and Hosan, Shahadat and Chapman, Andrew J and Uddin, Md Kamal and Saha, Bidyut Baran},
  journal={Energy},
  volume={282},
  pages={128452},
  year={2023},
  publisher={Elsevier}
}

@article{shi2023impact,
  title={{Impact of internal migration on household energy poverty: Empirical evidence from rural China}},
  author={Shi, Xinjie and Cui, Liu and Huang, Zuhui and Zeng, Pei and Qiu, Tongwei and Fu, Linlin and Jiang, Qiang},
  journal={Applied Energy},
  volume={350},
  pages={121780},
  year={2023},
  publisher={Elsevier}
}

@article{ssennono2023climatic,
  title={{Climatic shocks and multidimensional energy poverty in Ugandan households: Does women empowerment play a moderating role?}},
  author={Ssennono, Vincent Fred and Ntayi, Joseph M and Buyinza, Faisal and Wasswa, Francis and Adaramola, Muyiwa S and Aarakit, Sylvia Manjeri},
  journal={International Journal of Sustainable Energy},
  volume={42},
  number={1},
  pages={103--127},
  year={2023},
  publisher={Taylor \& Francis}
}

@article{widyastuti2023financial,
  title={{Financial inclusion's impact on energy poverty: Evidence from Indonesia}},
  author={Widyastuti, Aprilina Tri and Hartono, Djoni and Sidig, Danar Sutopo and Rusmawati, Estiana},
  journal={World Development Sustainability},
  volume={3},
  pages={100113},
  year={2023},
  publisher={Elsevier}
}

@article{yin2023financial,
  title={{Financial inclusion, natural disasters and energy poverty: Evidence from China}},
  author={Yin, Zhichao and Wang, Rui and Wu, Xi},
  journal={Energy Economics},
  volume={126},
  pages={106986},
  year={2023},
  publisher={Elsevier}
}

@article{zhu2023efficiency,
  title={{Why is efficiency improvement ineffective in alleviating energy poverty? The nonnegligible rebound effect}},
  author={Zhu, Penghu and Lin, Boqiang},
  journal={Annals of Operations Research},
  pages={1--20},
  year={2023},
  publisher={Springer}
}

@article{asongu2024marriage,
  title={{Marriage as an argument for energy poverty reduction: The moderating role of financial inclusion}},
  author={Asongu, Simplice A and Ogbonna, Amarachi O and Mete, Mariette CN},
  journal={Diversity \& Inclusion Research},
  volume={1},
  number={2},
  pages={e70001},
  year={2024},
  publisher={Wiley Online Library}
}

@article{burguillo2024does,
  title={{Does energy poverty influence decarbonisation through electrification of the heating Sector?}},
  author={Burguillo, Mercedes and del R{\'\i}o, Pablo and Juez-Martel, Pedro},
  journal={Energy and Buildings},
  volume={312},
  pages={114110},
  year={2024},
  publisher={Elsevier}
}

@article{charlier2024fuel,
  title={{Fuel poverty and mental health in a COVID-19 context}},
  author={Charlier, Doroth{\'e}e and Legendre, B{\'e}rang{\`e}re},
  journal={Economics \& Human Biology},
  volume={54},
  pages={101404},
  year={2024},
  publisher={Elsevier}
}

@article{choumert2024leaving,
  title={{Leaving the hearth you know: Internal migration and energy poverty}},
  author={Choumert-Nkolo, Johanna and le Roux, Leonard},
  journal={World Development},
  volume={180},
  pages={106628},
  year={2024},
  publisher={Elsevier}
}

@article{compaore2024assessing,
  title={{Assessing energy poverty and its determinants in the West African Economic and Monetary Union countries: A multidimensional analysis}},
  author={Compaore, Dimaviya Eug{\`e}ne and Guira, Asmo and Maiga, Boukar{\'e}},
  journal={Oxford Open Energy},
  volume={3},
  pages={oiae019},
  year={2024},
  publisher={Oxford University Press}
}

@article{compaore2024energy,
  title = {{Energy poverty and women's economic well-being in global South: Evidence from Burkina Faso}},
  author = {Eugène Dimaviya Compaore and Pam Zahonogo and Tito Nestor Tiehi and},
  journal = {Forum for Social Economics},
  volume = {0},
  pages = {1--21},
  year = {2024},
  publisher = {Routledge}
}

@article{compaore2024mobile,
  title={{Mobile money and multidimensional energy poverty: A cross-national study of Burkina Faso and Togo}},
  author={Compaore, Eug{\`e}ne Dimaviya and Guira, Asmo and Maiga, Boukar{\'e}},
  journal={Cogent Economics \& Finance},
  volume={12},
  number={1},
  pages={2399758},
  year={2024},
  publisher={Taylor \& Francis}
}

@article{gu2024dynamic,
  title={{Dynamic bidirectional relationship between financial inclusion and energy poverty: Evidence from China}},
  author={Gu, Jiafeng},
  journal={Energy Reports},
  volume={11},
  pages={5300--5314},
  year={2024},
  publisher={Elsevier}
}

@article{hasibuan2024remittances,
  title={{Remittances and multidimensional energy poverty of households in Indonesia}},
  author={Hasibuan, Irpan Pebri Setiadi and Hartono, Djoni},
  journal={Economic Analysis and Policy},
  volume={83},
  pages={29--41},
  year={2024},
  publisher={Elsevier}
}

@article{jin2024digital,
  title={{Digital financial inclusion and household energy poverty: Evidence from China}},
  author={Jin, Shunlin and Ma, Teng and Tan, Xinyu},
  journal={Economic Analysis and Policy},
  volume={83},
  pages={436--456},
  year={2024},
  publisher={Elsevier}
}

@article{kalfountzou2024identifying,
  title={{Identifying energy-poor households with publicly available information: Promising practices and lessons learned from the Athens urban area, Greece}},
  author={Kalfountzou, Elpida and Tourkolias, Christos and Mirasgedis, Sevastianos and Damigos, Dimitris},
  journal={Energies},
  volume={17},
  number={4},
  pages={919},
  year={2024},
  publisher={MDPI}
}

@article{kettani2024energy,
  title={{Energy consumption and energy poverty in Morocco}},
  author={Kettani, Mary{\`e}me and Sanin, Maria Eugenia},
  journal={Energy Policy},
  volume={185},
  pages={113948},
  year={2024},
  publisher={Elsevier}
}

@article{koirala2024multidimensional,
  title={{Multidimensional energy poverty and its effects on household consumption and savings: Evidence from Nepal}},
  author={Koirala, Dhiroj Prasad and others},
  journal={Heliyon},
  volume={10},
  number={21},
  year={2024},
  publisher={Elsevier}
}

@article{koomson2024energy,
  title={{Energy poverty and mental distress in South Africa: Assessing linkages and potential pathways}},
  author={Koomson, Isaac},
  journal={World Development Sustainability},
  volume={4},
  pages={100116},
  year={2024},
  publisher={Elsevier}
}

@article{liang2024dynamic,
  title={{The dynamic relationship between multidimensional energy poverty and social wellbeing's}},
  author={Liang, Xuefang and Zhang, Yousheng and Tan, Junhui and Chen, Hong and Shabbir, Malik Shahzad},
  journal={Social Indicators Research},
  volume={171},
  number={2},
  pages={641--654},
  year={2024},
  publisher={Springer}
}

@article{liu2024women,
  title={{Why do women bear more? The impact of energy poverty on son preference in Chinese rural households}},
  author={Liu, Huanwen and Dong, Yanfang and Luo, Changfu},
  journal={Energy Policy},
  volume={195},
  pages={114405},
  year={2024},
  publisher={Elsevier}
}

@article{maket2024health,
  title={{Health outcomes of energy poverty among women in Kenya: Evidence from cross-county two-part modelling}},
  author={Maket, Isaiah},
  journal={Energy, Ecology and Environment},
  pages={1--20},
  year={2024},
  publisher={Springer}
}

@article{manasi2024definition,
  title={{Definition, measurement and determinants of energy poverty: Empirical evidence from Indian households}},
  author={Manasi, B and Mukhopadhyay, Jyoti Prasad},
  journal={Energy for Sustainable Development},
  volume={79},
  pages={101383},
  year={2024},
  publisher={Elsevier}
}

@article{maniriho2024examining,
  title={{Examining the effects of wealth, education, and household location on clean cooking energy poverty among rural households in Rwanda}},
  author={Maniriho, Aristide},
  journal={Journal of Poverty},
  pages={1--28},
  year={2024},
  publisher={Taylor \& Francis}
}

@article{nguyen2024elderly,
  title={{Elderly well-being amidst energy poverty: Exploring the health, social, and economic impacts in Vietnam}},
  author={Nguyen-Phung, Hang Thu and Le, Hai},
  journal={Energy Research \& Social Science},
  volume={118},
  pages={103762},
  year={2024},
  publisher={Elsevier}
}

@article{nguyen2024energy,
  title={{Energy poverty and health expenditure: Empirical evidence from Vietnam}},
  author={Nguyen-Phung, Hang Thu and Le, Hai},
  journal={Social Sciences},
  volume={13},
  number={5},
  pages={253},
  year={2024},
  publisher={MDPI}
}

@article{nie2024does,
  title={{Does energy poverty increase health care expenditures in China?}},
  author={Nie, Peng and Li, Qiaoge},
  journal={Applied Economics},
  volume={56},
  number={35},
  pages={4209--4235},
  year={2024},
  publisher={Taylor \& Francis}
}

@article{rizal2024multidimensional,
  title={{Multidimensional energy poverty: A study of its measurement, decomposition, and determinants in Indonesia}},
  author={Rizal, Rofiq Nur and Hartono, Djoni and Dartanto, Teguh and Gultom, Yohanna ML},
  journal={Heliyon},
  volume={10},
  number={3},
  year={2024},
  publisher={Elsevier}
}

@article{nsenkyire2024multidimensional,
  title={{Multidimensional energy poverty in west Africa: Implication for women's subjective well-being and cognitive health}},
  author={Nsenkyire, Elizabeth and Nunoo, Jacob and Sebu, Joshua and Nkrumah, Richard Kwabena and Amankwanor, Princella},
  journal={Applied Research in Quality of Life},
  volume={19},
  number={3},
  pages={859--880},
  year={2024},
  publisher={Springer}
}

@article{okyere2024energy,
  title={{Energy and vulnerability: Exploring the energy poverty-risky sexual behavior nexus among young women in Ghana}},
  author={Okyere, Michael Adu and Christian, Aaron Kobina and Essel-Gaisey, Felix and Zuka, Fawzia Muhammed},
  journal={SSM-Population Health},
  volume={25},
  pages={101597},
  year={2024},
  publisher={Elsevier}
}

@article{saputri2024exploring,
  title={{Exploring the determinants of energy poverty in Indonesia's households: Empirical evidence from the 2015--2019 SUSENAS}},
  author={Saputri, Novani Karina and Setyonugroho, Lourentius Dimas and Hartono, Djoni},
  journal={Humanities and Social Sciences Communications},
  volume={11},
  number={1},
  pages={1--12},
  year={2024},
  publisher={Palgrave}
}

@article{shabbir2024energy,
  title={{Energy deprivation to financial prosperity: Unveiling multidimensional energy Poverty's influence}},
  author={Shabbir, Malik Shahzad and Cheong, Calvin WH and Jaradat, Mohammad and Lile, Ramona and Niedba{\l}a, Gniewko and Gadoiu, Mihaela},
  journal={Energy Strategy Reviews},
  volume={54},
  pages={101473},
  year={2024},
  publisher={Elsevier}
}

@article{tang2024environmental,
  title={{Environmental regulation, energy poverty and social welfare: Based on China's provincial panel data}},
  author={Tang, Jian and Huang, Xiaoyue and Chen, Hsing Hung and Gao, Wangbo and Liu, Xia},
  journal={Energy Strategy Reviews},
  volume={56},
  pages={101592},
  year={2024},
  publisher={Elsevier}
}

@article{wang2024assessing,
  title={{Assessing the effect of income inequality on household energy poverty - empirical evidence from China}},
  author={Wang, Dong and Fang, Tingwei and Wang, Xiaofan},
  journal={Frontiers in Energy Research},
  volume={11},
  pages={1290904},
  year={2024},
  publisher={Frontiers Media SA}
}

@article{wang2024dynamical,
  title={{Dynamical assessment of multi-dimensional energy poverty at the national and sub-national levels in Pakistan}},
  author={Wang, Zilong and Amin, Asad and Chandio, Abbas Ali and Shah, Aadil Hameed and Ullah, Muhammad Imdad},
  journal={Energy Efficiency},
  volume={17},
  number={3},
  pages={18},
  year={2024},
  publisher={Springer}
}

@article{wang2024has,
  title={{Has energy poverty entangled the households by hindering the filial generation?}},
  author={Wang, Yao and Du, Zhili},
  journal={Energy Policy},
  volume={186},
  pages={114018},
  year={2024},
  publisher={Elsevier}
}

@article{wang2024impact,
  title={{The impact of energy poverty on the health and welfare of the middle-aged and older adults}},
  author={Wang, Yibo and Wu, You and Wang, Chenyu and Li, Li and Lei, Yalin and Wu, Sanmang and Qu, Zhi},
  journal={Frontiers in Public Health},
  volume={12},
  pages={1404014},
  year={2024},
  publisher={Frontiers Media SA}
}

@article{yang2024energy,
  title={{Energy poverty and household development resilience: Household level evidence from China}},
  author={Yang, Yaofeng and Jiang, Mingchun and Li, Xiuqing and Chen, Yajuan},
  journal={Energy},
  volume={309},
  pages={133003},
  year={2024},
  publisher={Elsevier}
}

@article{yang2024mind,
  title={{Mind over matter: The impact of mental health on energy poverty}},
  author={Yang, Liyuan and Zikos, Vasileios},
  journal={Energy Research \& Social Science},
  volume={117},
  pages={103703},
  year={2024},
  publisher={Elsevier}
}

@article{yoon2024poverty,
  title={{Poverty in the midst of plenty: Identifying energy poverty, hardship and vulnerable households in Russia}},
  author={Yoon, Youngmin},
  journal={Energy Research \& Social Science},
  volume={108},
  pages={103362},
  year={2024},
  publisher={Elsevier}
}

@article{zhang2024power,
  title={{The power of digitalization: A study of the effect of the digital economy on household energy poverty}},
  author={Zhang, Kaixia and Bu, Caiqi},
  journal={Energy},
  volume={313},
  pages={133652},
  year={2024},
  publisher={Elsevier}
}
